<record><leader>00000cas a22000007a 4500</leader><controlfield tag="001">18387199</controlfield><controlfield tag="008">880822d19161919ohuwr ne      0    0eng d</controlfield><datafield ind1=" " ind2=" " tag="010"><subfield code="a">sn 88077791 </subfield></datafield><datafield ind1=" " ind2=" " tag="040"><subfield code="a">ONP</subfield><subfield code="b">eng</subfield><subfield code="c">ONP</subfield><subfield code="d">OCLCQ</subfield></datafield><datafield ind1=" " ind2=" " tag="042"><subfield code="a">msc</subfield></datafield><datafield ind1="0" ind2="0" tag="245"><subfield code="a">Westerville public opinion.</subfield></datafield><datafield ind1=" " ind2=" " tag="260"><subfield code="a">Westerville, Ohio :</subfield><subfield code="b">Buckeye Print. Co.,</subfield><subfield code="c">1916-1919.</subfield></datafield><datafield ind1=" " ind2=" " tag="300"><subfield code="a">v.</subfield></datafield><datafield ind1=" " ind2=" " tag="310"><subfield code="a">Weekly</subfield></datafield><datafield ind1="0" ind2=" " tag="362"><subfield code="a">47th year, no. 52 (Feb. 24, 1916)-50th year, no. 45 (Jan. 2, 1919).</subfield></datafield><datafield ind1=" " ind2=" " tag="752"><subfield code="a">United States</subfield><subfield code="b">Ohio</subfield><subfield code="c">Franklin</subfield><subfield code="d">Westerville.</subfield></datafield><datafield ind1="0" ind2="0" tag="780"><subfield code="t">Public opinion (Westerville, Ohio : 1885)</subfield><subfield code="w">(DLC)sn 84028679</subfield></datafield><datafield ind1="0" ind2="0" tag="785"><subfield code="t">Public opinion (Westerville, Ohio : 1919)</subfield><subfield code="w">(DLC)sn 88077792</subfield></datafield></record>